<?xml version="1.0" encoding="UTF-8"?><collection xmlns="http://www.loc.gov/MARC21/slim"><record><leader>00464nam--2200145-i-4500</leader><controlfield tag="001">000047866</controlfield><controlfield tag="002">20161230</controlfield><controlfield tag="005">20161230201046</controlfield><controlfield tag="008">060222s1000------------r-----000-0-eng-d</controlfield><datafield ind1=" " ind2=" " tag="080"><subfield code="a">519.677(043)</subfield></datafield><datafield ind1="1" ind2="0" tag="100"><subfield code="a">Volf,Jaques</subfield></datafield><datafield ind1="1" ind2=" " tag="245"><subfield code="a">Analyse numerique de quelques problemes lies au traitement de signaux. these</subfield></datafield><datafield ind1=" " ind2=" " tag="260"><subfield code="a">Grenoble, Universite Scientifique Et Medicale Et Instnat.Polytechnique, 1974. 185 P</subfield></datafield><datafield ind1=" " ind2=" " tag="852"><subfield code="a">44054</subfield><subfield code="c">517</subfield></datafield><datafield ind1=" " ind2=" " tag="CAT"><subfield code="a">Sys</subfield><subfield code="c">20080707</subfield><subfield code="h">074500</subfield></datafield></record></collection>